<?xml version="1.0" encoding="UTF-8"?><collection xmlns="http://www.loc.gov/MARC21/slim"><record><leader>00514nam--2200181-i-4500</leader><controlfield tag="001">000006887</controlfield><controlfield tag="002">20161230</controlfield><controlfield tag="005">20161230201027</controlfield><controlfield tag="008">060222s1000------------r-----000-0-fre-d</controlfield><datafield ind1=" " ind2=" " tag="040"><subfield code="a">IFIN-HH</subfield></datafield><datafield ind1=" " ind2=" " tag="041"><subfield code="a">fre</subfield></datafield><datafield ind1=" " ind2=" " tag="080"><subfield code="a">539.1.07(043)</subfield></datafield><datafield ind1="1" ind2=" " tag="100"><subfield code="a">Charnay, Daniel</subfield></datafield><datafield ind1="1" ind2="0" tag="245"><subfield code="a">Etude d'un correlateur d'impulsions destine a la physique nucleaire</subfield><subfield code="b">These</subfield><subfield code="c">Daniel charnay</subfield></datafield><datafield ind1=" " ind2=" " tag="260"><subfield code="a">Lyon</subfield><subfield code="b">Universite Claude Bernard</subfield><subfield code="c">1974</subfield></datafield><datafield ind1=" " ind2=" " tag="300"><subfield code="a">53P</subfield></datafield><datafield ind1=" " ind2=" " tag="852"><subfield code="a">8313</subfield><subfield code="c">539.1.07:538.1.08</subfield></datafield><datafield ind1=" " ind2=" " tag="CAT"><subfield code="a">Sys</subfield><subfield code="c">20111017</subfield><subfield code="h">143550</subfield></datafield></record></collection>